<?xml version="1.0" encoding="UTF-8"?><collection xmlns="http://www.loc.gov/MARC21/slim"><record><leader>00480nam--2200133-i-4500</leader><controlfield tag="001">000029021</controlfield><controlfield tag="002">20161230</controlfield><controlfield tag="005">20161230201037</controlfield><controlfield tag="008">060222s1000------------r-----000-0-eng-d</controlfield><datafield ind1=" " ind2=" " tag="080"><subfield code="a">621.039.8:591.088.5:539.12.04</subfield></datafield><datafield ind1=" " ind2=" " tag="245"><subfield code="a">Laboratory training manual on the use of radionuclides and radiation in animal research.third edition.joint fao?iaea division of atomic energy in food and agriculture</subfield></datafield><datafield ind1=" " ind2=" " tag="260"><subfield code="a">Vienna, Iaea, 1972. 174p</subfield></datafield><datafield ind1=" " ind2=" " tag="490"><subfield code="a">Technical Report Series</subfield></datafield><datafield ind1=" " ind2=" " tag="852"><subfield code="a">1875</subfield></datafield></record></collection>